<record><leader>00000cas a2200000 a 4500</leader><controlfield tag="001">12102206</controlfield><controlfield tag="008">850531d18801918ksuwr ne      0    0eng d</controlfield><datafield ind1=" " ind2=" " tag="010"><subfield code="a">sn 85029539 </subfield></datafield><datafield ind1=" " ind2=" " tag="040"><subfield code="a">KSH</subfield><subfield code="b">eng</subfield><subfield code="c">KSH</subfield><subfield code="d">NPT</subfield><subfield code="d">MFN</subfield><subfield code="d">MGN</subfield><subfield code="d">OCL</subfield><subfield code="d">OCLCQ</subfield></datafield><datafield ind1=" " ind2=" " tag="042"><subfield code="a">msc</subfield></datafield><datafield ind1="0" ind2=" " tag="130"><subfield code="a">Leavenworth times (Leavenworth, Kan. : 1880)</subfield></datafield><datafield ind1="1" ind2="4" tag="245"><subfield code="a">The Leavenworth times.</subfield></datafield><datafield ind1=" " ind2=" " tag="260"><subfield code="a">Leavenworth, Kan. :</subfield><subfield code="b">D.R. Anthony</subfield></datafield><datafield ind1=" " ind2=" " tag="300"><subfield code="a">v.</subfield></datafield><datafield ind1=" " ind2=" " tag="310"><subfield code="a">Weekly</subfield></datafield><datafield ind1="0" ind2=" " tag="362"><subfield code="a">No. 1302 (Jan. 8, 1880)-Sept. 5, 1918.</subfield></datafield><datafield ind1=" " ind2=" " tag="580"><subfield code="a">Daily ed.: Leavenworth times (Leavenworth, Kan. : 1878).</subfield></datafield><datafield ind1=" " ind2=" " tag="752"><subfield code="a">United States</subfield><subfield code="b">Kansas</subfield><subfield code="c">Leavenworth</subfield><subfield code="d">Leavenworth.</subfield></datafield><datafield ind1="1" ind2=" " tag="775"><subfield code="t">Leavenworth times (Leavenworth, Kan. : 1878)</subfield><subfield code="w">(DLC)sn 82015319</subfield></datafield><datafield ind1="0" ind2="0" tag="780"><subfield code="t">Leavenworth weekly times (Leavenworth, Kan. : 1870)</subfield><subfield code="w">(DLC)sn 84027691</subfield></datafield><datafield ind1="0" ind2="5" tag="780"><subfield code="t">Weekly standard (Leavenworth, Kan.)</subfield><subfield code="w">(DLC)sn 85029305</subfield></datafield><datafield ind1="0" ind2="4" tag="785"><subfield code="t">Leavenworth times (Leavenworth, Kan. : 1878)</subfield><subfield code="w">(DLC)sn 85029319</subfield></datafield></record>